{
    "analyticData":[{"sales":14,"revenue":7896,"date":"12/4/2022","user_activity":{"data":{"label":"Pending","count":0}}},
    {"sales":98,"revenue":4087,"date":"9/1/2021","user_activity":{"data":{"label":"Active","count":10}}},
    {"sales":51,"revenue":6971,"date":"6/13/2022","user_activity":{"data":{"label":"Inactive","count":10}}},
    {"sales":21,"revenue":480,"date":"9/13/2021","user_activity":{"data":{"label":"Pending","count":2}}},
    {"sales":54,"revenue":6773,"date":"4/4/2023","user_activity":{"data":{"label":"Inactive","count":4}}},
    {"sales":56,"revenue":9690,"date":"6/4/2022","user_activity":{"data":{"label":"Active","count":1}}},
    {"sales":84,"revenue":7787,"date":"1/18/2024","user_activity":{"data":{"label":"Active","count":10}}},
    {"sales":53,"revenue":5209,"date":"7/14/2021","user_activity":{"data":{"label":"Active","count":2}}},
    {"sales":49,"revenue":6030,"date":"3/8/2023","user_activity":{"data":{"label":"Blocked","count":10}}},
    {"sales":100,"revenue":6621,"date":"4/23/2023","user_activity":{"data":{"label":"Blocked","count":6}}},
    {"sales":97,"revenue":7271,"date":"2/23/2024","user_activity":{"data":{"label":"Blocked","count":3}}},
    {"sales":5,"revenue":1699,"date":"10/3/2021","user_activity":{"data":{"label":"Active","count":0}}},
    {"sales":17,"revenue":9636,"date":"10/14/2021","user_activity":{"data":{"label":"Pending","count":4}}},
    {"sales":53,"revenue":5473,"date":"8/2/2021","user_activity":{"data":{"label":"Active","count":10}}},
    {"sales":26,"revenue":6421,"date":"11/4/2022","user_activity":{"data":{"label":"Pending","count":2}}},
    {"sales":57,"revenue":1970,"date":"4/18/2022","user_activity":{"data":{"label":"Blocked","count":4}}},
    {"sales":73,"revenue":4167,"date":"12/15/2022","user_activity":{"data":{"label":"Active","count":0}}},
    {"sales":40,"revenue":6159,"date":"4/17/2022","user_activity":{"data":{"label":"Blocked","count":4}}},
    {"sales":85,"revenue":2858,"date":"4/30/2021","user_activity":{"data":{"label":"Inactive","count":7}}},
    {"sales":65,"revenue":6138,"date":"11/26/2022","user_activity":{"data":{"label":"Active","count":1}}},
    {"sales":13,"revenue":1362,"date":"10/7/2021","user_activity":{"data":{"label":"Active","count":9}}},
    {"sales":59,"revenue":1658,"date":"8/6/2021","user_activity":{"data":{"label":"Active","count":3}}},
    {"sales":71,"revenue":4257,"date":"6/26/2023","user_activity":{"data":{"label":"Active","count":4}}},
    {"sales":79,"revenue":8364,"date":"2/11/2024","user_activity":{"data":{"label":"Active","count":10}}},
    {"sales":51,"revenue":2238,"date":"12/3/2021","user_activity":{"data":{"label":"Pending","count":7}}},
    {"sales":36,"revenue":5325,"date":"7/25/2023","user_activity":{"data":{"label":"Pending","count":8}}},
    {"sales":57,"revenue":4054,"date":"7/22/2022","user_activity":{"data":{"label":"Active","count":10}}},
    {"sales":50,"revenue":7181,"date":"1/22/2024","user_activity":{"data":{"label":"Inactive","count":2}}},
    {"sales":85,"revenue":4611,"date":"2/6/2024","user_activity":{"data":{"label":"Active","count":7}}},
    {"sales":58,"revenue":9111,"date":"9/22/2023","user_activity":{"data":{"label":"Inactive","count":10}}},
    {"sales":64,"revenue":7256,"date":"6/15/2023","user_activity":{"data":{"label":"Pending","count":3}}},
    {"sales":84,"revenue":7965,"date":"7/4/2021","user_activity":{"data":{"label":"Inactive","count":7}}},
    {"sales":86,"revenue":9774,"date":"12/30/2023","user_activity":{"data":{"label":"Pending","count":1}}},
    {"sales":62,"revenue":4543,"date":"4/22/2021","user_activity":{"data":{"label":"Active","count":0}}},
    {"sales":46,"revenue":9793,"date":"2/12/2022","user_activity":{"data":{"label":"Inactive","count":2}}},
    {"sales":75,"revenue":4047,"date":"12/20/2023","user_activity":{"data":{"label":"Inactive","count":5}}},
    {"sales":74,"revenue":6399,"date":"5/14/2022","user_activity":{"data":{"label":"Pending","count":1}}},
    {"sales":81,"revenue":8944,"date":"7/17/2022","user_activity":{"data":{"label":"Pending","count":5}}},
    {"sales":90,"revenue":4937,"date":"3/7/2022","user_activity":{"data":{"label":"Active","count":9}}},
    {"sales":27,"revenue":5155,"date":"2/17/2023","user_activity":{"data":{"label":"Active","count":3}}},
    {"sales":81,"revenue":517,"date":"9/26/2022","user_activity":{"data":{"label":"Active","count":6}}},
    {"sales":46,"revenue":7075,"date":"3/23/2021","user_activity":{"data":{"label":"Pending","count":2}}},
    {"sales":15,"revenue":4171,"date":"1/8/2023","user_activity":{"data":{"label":"Inactive","count":1}}},
    {"sales":67,"revenue":7051,"date":"6/4/2021","user_activity":{"data":{"label":"Pending","count":10}}},
    {"sales":22,"revenue":8720,"date":"9/25/2022","user_activity":{"data":{"label":"Inactive","count":4}}},
    {"sales":77,"revenue":4806,"date":"6/11/2021","user_activity":{"data":{"label":"Blocked","count":7}}},
    {"sales":78,"revenue":9031,"date":"2/4/2022","user_activity":{"data":{"label":"Inactive","count":10}}},
    {"sales":21,"revenue":3315,"date":"3/13/2024","user_activity":{"data":{"label":"Blocked","count":2}}},
    {"sales":68,"revenue":8444,"date":"12/7/2023","user_activity":{"data":{"label":"Inactive","count":1}}},
    {"sales":62,"revenue":3430,"date":"12/24/2023","user_activity":{"data":{"label":"Blocked","count":4}}},
    {"sales":10,"revenue":9556,"date":"6/16/2023","user_activity":{"data":{"label":"Inactive","count":9}}},
    {"sales":59,"revenue":6827,"date":"9/29/2021","user_activity":{"data":{"label":"Blocked","count":8}}},
    {"sales":55,"revenue":6105,"date":"1/11/2024","user_activity":{"data":{"label":"Inactive","count":1}}},
    {"sales":52,"revenue":1203,"date":"3/2/2024","user_activity":{"data":{"label":"Blocked","count":2}}},
    {"sales":80,"revenue":3988,"date":"1/21/2022","user_activity":{"data":{"label":"Inactive","count":2}}},
    {"sales":61,"revenue":824,"date":"10/10/2023","user_activity":{"data":{"label":"Inactive","count":1}}},
    {"sales":5,"revenue":6102,"date":"10/9/2021","user_activity":{"data":{"label":"Pending","count":10}}},
    {"sales":51,"revenue":6278,"date":"6/17/2021","user_activity":{"data":{"label":"Active","count":1}}},
    {"sales":28,"revenue":114,"date":"5/14/2023","user_activity":{"data":{"label":"Pending","count":9}}},
    {"sales":89,"revenue":8855,"date":"8/5/2022","user_activity":{"data":{"label":"Inactive","count":6}}},
    {"sales":97,"revenue":4969,"date":"4/15/2021","user_activity":{"data":{"label":"Blocked","count":7}}},
    {"sales":82,"revenue":1119,"date":"7/23/2021","user_activity":{"data":{"label":"Blocked","count":4}}},
    {"sales":29,"revenue":7919,"date":"5/23/2022","user_activity":{"data":{"label":"Inactive","count":7}}},
    {"sales":99,"revenue":8869,"date":"10/30/2021","user_activity":{"data":{"label":"Inactive","count":7}}},
    {"sales":34,"revenue":2931,"date":"12/15/2021","user_activity":{"data":{"label":"Active","count":0}}},
    {"sales":68,"revenue":2211,"date":"11/20/2022","user_activity":{"data":{"label":"Blocked","count":7}}},
    {"sales":39,"revenue":7498,"date":"3/6/2023","user_activity":{"data":{"label":"Pending","count":3}}},
    {"sales":19,"revenue":363,"date":"1/20/2022","user_activity":{"data":{"label":"Active","count":1}}},
    {"sales":27,"revenue":7297,"date":"2/5/2023","user_activity":{"data":{"label":"Blocked","count":5}}},
    {"sales":2,"revenue":723,"date":"12/11/2022","user_activity":{"data":{"label":"Inactive","count":3}}},
    {"sales":20,"revenue":8732,"date":"7/29/2021","user_activity":{"data":{"label":"Blocked","count":3}}},
    {"sales":77,"revenue":2817,"date":"7/14/2021","user_activity":{"data":{"label":"Inactive","count":7}}},
    {"sales":10,"revenue":8750,"date":"9/28/2021","user_activity":{"data":{"label":"Inactive","count":0}}},
    {"sales":45,"revenue":7976,"date":"12/16/2023","user_activity":{"data":{"label":"Pending","count":10}}},
    {"sales":98,"revenue":3262,"date":"9/7/2023","user_activity":{"data":{"label":"Active","count":0}}},
    {"sales":9,"revenue":6286,"date":"8/16/2022","user_activity":{"data":{"label":"Blocked","count":1}}},
    {"sales":66,"revenue":3246,"date":"5/30/2023","user_activity":{"data":{"label":"Blocked","count":9}}},
    {"sales":72,"revenue":5319,"date":"10/22/2023","user_activity":{"data":{"label":"Pending","count":0}}},
    {"sales":25,"revenue":9360,"date":"8/9/2021","user_activity":{"data":{"label":"Pending","count":3}}},
    {"sales":24,"revenue":2182,"date":"1/21/2024","user_activity":{"data":{"label":"Blocked","count":4}}},
    {"sales":71,"revenue":2849,"date":"11/14/2022","user_activity":{"data":{"label":"Blocked","count":4}}},
    {"sales":60,"revenue":2359,"date":"10/29/2022","user_activity":{"data":{"label":"Active","count":2}}},
    {"sales":3,"revenue":4766,"date":"5/22/2022","user_activity":{"data":{"label":"Blocked","count":5}}},
    {"sales":84,"revenue":8654,"date":"7/20/2022","user_activity":{"data":{"label":"Pending","count":1}}},
    {"sales":74,"revenue":1502,"date":"7/28/2021","user_activity":{"data":{"label":"Active","count":10}}},
    {"sales":42,"revenue":9441,"date":"5/1/2021","user_activity":{"data":{"label":"Pending","count":4}}},
    {"sales":61,"revenue":8908,"date":"7/6/2023","user_activity":{"data":{"label":"Active","count":8}}},
    {"sales":71,"revenue":3711,"date":"1/15/2022","user_activity":{"data":{"label":"Inactive","count":2}}},
    {"sales":65,"revenue":9419,"date":"1/21/2024","user_activity":{"data":{"label":"Active","count":5}}},
    {"sales":23,"revenue":1337,"date":"8/31/2023","user_activity":{"data":{"label":"Pending","count":7}}},
    {"sales":82,"revenue":9722,"date":"8/5/2023","user_activity":{"data":{"label":"Pending","count":6}}},
    {"sales":8,"revenue":399,"date":"11/19/2023","user_activity":{"data":{"label":"Active","count":0}}},
    {"sales":11,"revenue":3295,"date":"5/16/2022","user_activity":{"data":{"label":"Pending","count":7}}},
    {"sales":63,"revenue":599,"date":"4/12/2022","user_activity":{"data":{"label":"Inactive","count":9}}},
    {"sales":63,"revenue":2033,"date":"12/8/2022","user_activity":{"data":{"label":"Pending","count":10}}},
    {"sales":89,"revenue":7191,"date":"3/6/2023","user_activity":{"data":{"label":"Pending","count":6}}},
    {"sales":61,"revenue":1027,"date":"3/26/2022","user_activity":{"data":{"label":"Active","count":6}}},
    {"sales":54,"revenue":863,"date":"2/14/2022","user_activity":{"data":{"label":"Inactive","count":5}}},
    {"sales":20,"revenue":4526,"date":"9/10/2021","user_activity":{"data":{"label":"Pending","count":10}}},
    {"sales":8,"revenue":7427,"date":"8/19/2022","user_activity":{"data":{"label":"Pending","count":6}}},
    {"sales":12,"revenue":2361,"date":"8/20/2021","user_activity":{"data":{"label":"Blocked","count":8}}},
    {"sales":15,"revenue":4877,"date":"3/1/2021","user_activity":{"data":{"label":"Blocked","count":6}}},
    {"sales":23,"revenue":9711,"date":"5/13/2021","user_activity":{"data":{"label":"Pending","count":0}}},
    {"sales":59,"revenue":8678,"date":"6/17/2021","user_activity":{"data":{"label":"Inactive","count":9}}},
    {"sales":94,"revenue":4478,"date":"1/31/2023","user_activity":{"data":{"label":"Active","count":4}}},
    {"sales":5,"revenue":2156,"date":"6/26/2021","user_activity":{"data":{"label":"Blocked","count":8}}},
    {"sales":66,"revenue":4753,"date":"3/9/2024","user_activity":{"data":{"label":"Inactive","count":3}}},
    {"sales":5,"revenue":296,"date":"9/5/2022","user_activity":{"data":{"label":"Blocked","count":2}}},
    {"sales":26,"revenue":9447,"date":"12/26/2023","user_activity":{"data":{"label":"Pending","count":9}}},
    {"sales":16,"revenue":6000,"date":"10/14/2022","user_activity":{"data":{"label":"Inactive","count":3}}},
    {"sales":13,"revenue":7653,"date":"6/9/2022","user_activity":{"data":{"label":"Inactive","count":6}}},
    {"sales":43,"revenue":5688,"date":"5/11/2022","user_activity":{"data":{"label":"Pending","count":9}}},
    {"sales":1,"revenue":1294,"date":"7/30/2023","user_activity":{"data":{"label":"Blocked","count":3}}},
    {"sales":20,"revenue":917,"date":"12/4/2023","user_activity":{"data":{"label":"Inactive","count":4}}},
    {"sales":55,"revenue":4163,"date":"8/29/2021","user_activity":{"data":{"label":"Blocked","count":6}}},
    {"sales":11,"revenue":6640,"date":"8/19/2021","user_activity":{"data":{"label":"Blocked","count":9}}},
    {"sales":7,"revenue":3108,"date":"3/13/2024","user_activity":{"data":{"label":"Pending","count":6}}},
    {"sales":81,"revenue":8227,"date":"12/16/2023","user_activity":{"data":{"label":"Pending","count":3}}},
    {"sales":74,"revenue":8133,"date":"3/3/2023","user_activity":{"data":{"label":"Inactive","count":8}}},
    {"sales":34,"revenue":2796,"date":"2/19/2024","user_activity":{"data":{"label":"Active","count":6}}},
    {"sales":10,"revenue":6852,"date":"10/27/2022","user_activity":{"data":{"label":"Pending","count":7}}},
    {"sales":56,"revenue":3120,"date":"7/2/2021","user_activity":{"data":{"label":"Blocked","count":7}}},
    {"sales":64,"revenue":5322,"date":"8/15/2023","user_activity":{"data":{"label":"Blocked","count":5}}},
    {"sales":91,"revenue":6410,"date":"12/14/2022","user_activity":{"data":{"label":"Pending","count":0}}},
    {"sales":82,"revenue":8388,"date":"10/28/2022","user_activity":{"data":{"label":"Inactive","count":0}}},
    {"sales":10,"revenue":3813,"date":"5/10/2023","user_activity":{"data":{"label":"Inactive","count":1}}},
    {"sales":34,"revenue":4308,"date":"3/29/2023","user_activity":{"data":{"label":"Blocked","count":7}}},
    {"sales":64,"revenue":82,"date":"3/11/2024","user_activity":{"data":{"label":"Inactive","count":7}}},
    {"sales":45,"revenue":1937,"date":"2/7/2024","user_activity":{"data":{"label":"Pending","count":2}}},
    {"sales":9,"revenue":7263,"date":"5/2/2022","user_activity":{"data":{"label":"Pending","count":4}}},
    {"sales":45,"revenue":1448,"date":"11/10/2022","user_activity":{"data":{"label":"Blocked","count":6}}},
    {"sales":67,"revenue":8615,"date":"7/3/2023","user_activity":{"data":{"label":"Pending","count":2}}},
    {"sales":73,"revenue":9393,"date":"4/11/2022","user_activity":{"data":{"label":"Pending","count":6}}},
    {"sales":38,"revenue":3719,"date":"1/22/2024","user_activity":{"data":{"label":"Inactive","count":7}}},
    {"sales":16,"revenue":8263,"date":"10/25/2021","user_activity":{"data":{"label":"Blocked","count":2}}},
    {"sales":0,"revenue":1261,"date":"7/27/2023","user_activity":{"data":{"label":"Inactive","count":8}}},
    {"sales":64,"revenue":4467,"date":"7/28/2023","user_activity":{"data":{"label":"Active","count":0}}},
    {"sales":82,"revenue":3025,"date":"3/24/2024","user_activity":{"data":{"label":"Inactive","count":9}}},
    {"sales":36,"revenue":5770,"date":"11/29/2023","user_activity":{"data":{"label":"Active","count":7}}},
    {"sales":0,"revenue":4647,"date":"1/2/2024","user_activity":{"data":{"label":"Pending","count":2}}},
    {"sales":50,"revenue":2689,"date":"8/14/2023","user_activity":{"data":{"label":"Pending","count":9}}},
    {"sales":0,"revenue":6551,"date":"12/18/2023","user_activity":{"data":{"label":"Inactive","count":10}}},
    {"sales":1,"revenue":9211,"date":"3/8/2022","user_activity":{"data":{"label":"Inactive","count":7}}},
    {"sales":32,"revenue":8043,"date":"4/14/2021","user_activity":{"data":{"label":"Blocked","count":5}}},
    {"sales":97,"revenue":5087,"date":"6/25/2022","user_activity":{"data":{"label":"Pending","count":7}}},
    {"sales":20,"revenue":1419,"date":"7/9/2022","user_activity":{"data":{"label":"Active","count":8}}},
    {"sales":93,"revenue":3408,"date":"9/20/2021","user_activity":{"data":{"label":"Pending","count":4}}},
    {"sales":81,"revenue":9758,"date":"1/22/2024","user_activity":{"data":{"label":"Inactive","count":4}}},
    {"sales":84,"revenue":6728,"date":"10/24/2021","user_activity":{"data":{"label":"Active","count":4}}},
    {"sales":76,"revenue":3839,"date":"5/20/2021","user_activity":{"data":{"label":"Active","count":0}}},
    {"sales":26,"revenue":9769,"date":"5/13/2021","user_activity":{"data":{"label":"Inactive","count":3}}},
    {"sales":73,"revenue":4893,"date":"3/15/2021","user_activity":{"data":{"label":"Pending","count":4}}},
    {"sales":58,"revenue":3172,"date":"10/9/2023","user_activity":{"data":{"label":"Blocked","count":2}}},
    {"sales":33,"revenue":6645,"date":"6/9/2023","user_activity":{"data":{"label":"Active","count":10}}},
    {"sales":63,"revenue":9053,"date":"2/11/2023","user_activity":{"data":{"label":"Inactive","count":9}}},
    {"sales":60,"revenue":5981,"date":"5/31/2022","user_activity":{"data":{"label":"Pending","count":1}}},
    {"sales":53,"revenue":9849,"date":"2/10/2023","user_activity":{"data":{"label":"Pending","count":4}}},
    {"sales":69,"revenue":8398,"date":"9/3/2022","user_activity":{"data":{"label":"Pending","count":8}}},
    {"sales":81,"revenue":2639,"date":"1/25/2024","user_activity":{"data":{"label":"Active","count":3}}},
    {"sales":55,"revenue":2031,"date":"8/13/2022","user_activity":{"data":{"label":"Inactive","count":8}}},
    {"sales":61,"revenue":5149,"date":"3/22/2023","user_activity":{"data":{"label":"Blocked","count":1}}},
    {"sales":64,"revenue":2811,"date":"1/7/2023","user_activity":{"data":{"label":"Pending","count":10}}},
    {"sales":36,"revenue":9524,"date":"9/20/2021","user_activity":{"data":{"label":"Active","count":6}}},
    {"sales":19,"revenue":7383,"date":"8/25/2021","user_activity":{"data":{"label":"Blocked","count":9}}},
    {"sales":77,"revenue":5223,"date":"7/9/2023","user_activity":{"data":{"label":"Active","count":8}}},
    {"sales":54,"revenue":6197,"date":"9/15/2023","user_activity":{"data":{"label":"Blocked","count":1}}},
    {"sales":60,"revenue":9717,"date":"10/7/2022","user_activity":{"data":{"label":"Blocked","count":5}}},
    {"sales":32,"revenue":359,"date":"6/26/2022","user_activity":{"data":{"label":"Blocked","count":1}}},
    {"sales":41,"revenue":6354,"date":"9/30/2022","user_activity":{"data":{"label":"Pending","count":6}}},
    {"sales":13,"revenue":1411,"date":"5/20/2022","user_activity":{"data":{"label":"Pending","count":0}}},
    {"sales":3,"revenue":9533,"date":"9/8/2023","user_activity":{"data":{"label":"Blocked","count":7}}},
    {"sales":29,"revenue":4350,"date":"12/11/2023","user_activity":{"data":{"label":"Active","count":6}}},
    {"sales":21,"revenue":3902,"date":"2/3/2022","user_activity":{"data":{"label":"Active","count":5}}},
    {"sales":38,"revenue":4375,"date":"1/19/2022","user_activity":{"data":{"label":"Inactive","count":7}}},
    {"sales":49,"revenue":1044,"date":"3/26/2021","user_activity":{"data":{"label":"Active","count":0}}},
    {"sales":92,"revenue":2855,"date":"2/6/2024","user_activity":{"data":{"label":"Inactive","count":10}}},
    {"sales":69,"revenue":7901,"date":"4/7/2023","user_activity":{"data":{"label":"Active","count":8}}},
    {"sales":55,"revenue":9902,"date":"9/22/2023","user_activity":{"data":{"label":"Pending","count":0}}},
    {"sales":67,"revenue":3850,"date":"5/10/2023","user_activity":{"data":{"label":"Active","count":5}}},
    {"sales":78,"revenue":4517,"date":"6/5/2021","user_activity":{"data":{"label":"Blocked","count":8}}},
    {"sales":24,"revenue":1887,"date":"1/29/2024","user_activity":{"data":{"label":"Pending","count":3}}},
    {"sales":22,"revenue":8932,"date":"6/29/2023","user_activity":{"data":{"label":"Pending","count":9}}},
    {"sales":57,"revenue":2127,"date":"2/13/2022","user_activity":{"data":{"label":"Pending","count":0}}},
    {"sales":92,"revenue":1338,"date":"10/27/2023","user_activity":{"data":{"label":"Pending","count":9}}},
    {"sales":2,"revenue":2502,"date":"8/9/2022","user_activity":{"data":{"label":"Inactive","count":0}}},
    {"sales":88,"revenue":8945,"date":"3/22/2021","user_activity":{"data":{"label":"Inactive","count":0}}},
    {"sales":68,"revenue":7357,"date":"1/27/2024","user_activity":{"data":{"label":"Inactive","count":7}}},
    {"sales":23,"revenue":4460,"date":"2/16/2022","user_activity":{"data":{"label":"Blocked","count":10}}},
    {"sales":60,"revenue":2003,"date":"8/30/2021","user_activity":{"data":{"label":"Inactive","count":4}}},
    {"sales":89,"revenue":6747,"date":"5/13/2022","user_activity":{"data":{"label":"Inactive","count":2}}},
    {"sales":93,"revenue":3289,"date":"10/12/2023","user_activity":{"data":{"label":"Active","count":10}}},
    {"sales":54,"revenue":8382,"date":"7/10/2021","user_activity":{"data":{"label":"Active","count":2}}},
    {"sales":48,"revenue":1806,"date":"10/7/2021","user_activity":{"data":{"label":"Inactive","count":4}}},
    {"sales":52,"revenue":6873,"date":"4/4/2022","user_activity":{"data":{"label":"Active","count":6}}},
    {"sales":54,"revenue":2604,"date":"9/23/2022","user_activity":{"data":{"label":"Pending","count":4}}},
    {"sales":18,"revenue":895,"date":"5/4/2023","user_activity":{"data":{"label":"Pending","count":0}}},
    {"sales":6,"revenue":9059,"date":"10/1/2023","user_activity":{"data":{"label":"Active","count":4}}},
    {"sales":45,"revenue":8941,"date":"7/10/2021","user_activity":{"data":{"label":"Blocked","count":4}}},
    {"sales":95,"revenue":3597,"date":"6/4/2021","user_activity":{"data":{"label":"Active","count":6}}},
    {"sales":19,"revenue":834,"date":"11/24/2023","user_activity":{"data":{"label":"Blocked","count":3}}},
    {"sales":20,"revenue":308,"date":"3/6/2023","user_activity":{"data":{"label":"Active","count":6}}},
    {"sales":75,"revenue":3847,"date":"11/6/2023","user_activity":{"data":{"label":"Active","count":8}}},
    {"sales":41,"revenue":5830,"date":"6/11/2021","user_activity":{"data":{"label":"Blocked","count":1}}},
    {"sales":85,"revenue":7907,"date":"3/20/2021","user_activity":{"data":{"label":"Blocked","count":8}}},
    {"sales":94,"revenue":4547,"date":"2/7/2022","user_activity":{"data":{"label":"Active","count":1}}},
    {"sales":43,"revenue":4022,"date":"10/22/2021","user_activity":{"data":{"label":"Inactive","count":6}}},
    {"sales":79,"revenue":2726,"date":"7/26/2021","user_activity":{"data":{"label":"Blocked","count":6}}},
    {"sales":91,"revenue":3370,"date":"8/1/2022","user_activity":{"data":{"label":"Inactive","count":6}}},
    {"sales":67,"revenue":1064,"date":"9/1/2021","user_activity":{"data":{"label":"Inactive","count":10}}},
    {"sales":98,"revenue":1677,"date":"5/13/2022","user_activity":{"data":{"label":"Inactive","count":4}}},
    {"sales":62,"revenue":4448,"date":"10/3/2021","user_activity":{"data":{"label":"Active","count":9}}},
    {"sales":27,"revenue":7762,"date":"11/23/2021","user_activity":{"data":{"label":"Active","count":2}}},
    {"sales":72,"revenue":8154,"date":"8/21/2021","user_activity":{"data":{"label":"Blocked","count":0}}},
    {"sales":87,"revenue":5995,"date":"5/27/2021","user_activity":{"data":{"label":"Pending","count":1}}},
    {"sales":26,"revenue":5325,"date":"4/7/2021","user_activity":{"data":{"label":"Inactive","count":2}}},
    {"sales":37,"revenue":7499,"date":"9/8/2022","user_activity":{"data":{"label":"Blocked","count":4}}},
    {"sales":80,"revenue":7642,"date":"10/4/2021","user_activity":{"data":{"label":"Inactive","count":6}}},
    {"sales":94,"revenue":7055,"date":"4/16/2022","user_activity":{"data":{"label":"Pending","count":7}}},
    {"sales":98,"revenue":270,"date":"10/15/2022","user_activity":{"data":{"label":"Inactive","count":10}}},
    {"sales":93,"revenue":5256,"date":"2/1/2024","user_activity":{"data":{"label":"Pending","count":10}}},
    {"sales":40,"revenue":2,"date":"5/2/2023","user_activity":{"data":{"label":"Blocked","count":0}}},
    {"sales":48,"revenue":5702,"date":"4/1/2021","user_activity":{"data":{"label":"Inactive","count":6}}},
    {"sales":40,"revenue":6379,"date":"10/8/2022","user_activity":{"data":{"label":"Inactive","count":2}}},
    {"sales":72,"revenue":3623,"date":"11/13/2023","user_activity":{"data":{"label":"Pending","count":6}}},
    {"sales":41,"revenue":2707,"date":"4/16/2021","user_activity":{"data":{"label":"Active","count":7}}},
    {"sales":32,"revenue":5225,"date":"3/13/2022","user_activity":{"data":{"label":"Active","count":0}}},
    {"sales":60,"revenue":336,"date":"12/13/2023","user_activity":{"data":{"label":"Pending","count":1}}},
    {"sales":65,"revenue":5970,"date":"2/12/2023","user_activity":{"data":{"label":"Blocked","count":7}}},
    {"sales":55,"revenue":2392,"date":"4/12/2022","user_activity":{"data":{"label":"Blocked","count":8}}},
    {"sales":30,"revenue":6651,"date":"1/7/2022","user_activity":{"data":{"label":"Pending","count":5}}},
    {"sales":76,"revenue":6347,"date":"12/16/2022","user_activity":{"data":{"label":"Blocked","count":7}}},
    {"sales":52,"revenue":3111,"date":"4/25/2021","user_activity":{"data":{"label":"Active","count":8}}},
    {"sales":4,"revenue":9650,"date":"10/24/2023","user_activity":{"data":{"label":"Inactive","count":2}}},
    {"sales":51,"revenue":6641,"date":"8/4/2021","user_activity":{"data":{"label":"Active","count":7}}},
    {"sales":26,"revenue":6539,"date":"12/25/2023","user_activity":{"data":{"label":"Blocked","count":7}}},
    {"sales":96,"revenue":1701,"date":"11/3/2021","user_activity":{"data":{"label":"Inactive","count":7}}},
    {"sales":21,"revenue":8240,"date":"7/6/2022","user_activity":{"data":{"label":"Active","count":0}}},
    {"sales":77,"revenue":4245,"date":"3/24/2021","user_activity":{"data":{"label":"Pending","count":1}}},
    {"sales":32,"revenue":3047,"date":"12/9/2021","user_activity":{"data":{"label":"Pending","count":7}}},
    {"sales":78,"revenue":6291,"date":"10/28/2021","user_activity":{"data":{"label":"Inactive","count":3}}},
    {"sales":22,"revenue":8342,"date":"9/21/2023","user_activity":{"data":{"label":"Blocked","count":7}}},
    {"sales":40,"revenue":4296,"date":"5/24/2022","user_activity":{"data":{"label":"Pending","count":5}}},
    {"sales":73,"revenue":7547,"date":"10/3/2023","user_activity":{"data":{"label":"Inactive","count":10}}},
    {"sales":81,"revenue":5390,"date":"4/23/2022","user_activity":{"data":{"label":"Inactive","count":4}}},
    {"sales":0,"revenue":3136,"date":"7/6/2022","user_activity":{"data":{"label":"Inactive","count":4}}},
    {"sales":49,"revenue":4287,"date":"9/6/2022","user_activity":{"data":{"label":"Inactive","count":4}}},
    {"sales":52,"revenue":5581,"date":"3/20/2023","user_activity":{"data":{"label":"Active","count":7}}},
    {"sales":33,"revenue":3385,"date":"6/21/2022","user_activity":{"data":{"label":"Inactive","count":5}}},
    {"sales":99,"revenue":7950,"date":"9/24/2023","user_activity":{"data":{"label":"Active","count":4}}},
    {"sales":30,"revenue":1045,"date":"3/25/2024","user_activity":{"data":{"label":"Blocked","count":10}}},
    {"sales":76,"revenue":4250,"date":"10/3/2023","user_activity":{"data":{"label":"Blocked","count":8}}},
    {"sales":53,"revenue":1928,"date":"8/21/2022","user_activity":{"data":{"label":"Pending","count":10}}},
    {"sales":59,"revenue":9479,"date":"2/6/2024","user_activity":{"data":{"label":"Active","count":5}}},
    {"sales":0,"revenue":1852,"date":"10/14/2023","user_activity":{"data":{"label":"Inactive","count":0}}},
    {"sales":71,"revenue":5819,"date":"3/22/2021","user_activity":{"data":{"label":"Blocked","count":10}}},
    {"sales":17,"revenue":2121,"date":"2/5/2022","user_activity":{"data":{"label":"Pending","count":2}}},
    {"sales":76,"revenue":395,"date":"10/9/2022","user_activity":{"data":{"label":"Pending","count":0}}},
    {"sales":53,"revenue":9238,"date":"10/23/2022","user_activity":{"data":{"label":"Pending","count":5}}},
    {"sales":94,"revenue":3058,"date":"1/7/2023","user_activity":{"data":{"label":"Blocked","count":10}}},
    {"sales":54,"revenue":9754,"date":"11/15/2022","user_activity":{"data":{"label":"Blocked","count":2}}},
    {"sales":63,"revenue":7365,"date":"4/20/2022","user_activity":{"data":{"label":"Inactive","count":9}}},
    {"sales":41,"revenue":2146,"date":"2/2/2024","user_activity":{"data":{"label":"Blocked","count":2}}},
    {"sales":70,"revenue":5748,"date":"3/1/2024","user_activity":{"data":{"label":"Active","count":2}}},
    {"sales":27,"revenue":6135,"date":"6/16/2021","user_activity":{"data":{"label":"Active","count":10}}},
    {"sales":65,"revenue":1282,"date":"5/26/2022","user_activity":{"data":{"label":"Inactive","count":10}}},
    {"sales":17,"revenue":805,"date":"11/7/2023","user_activity":{"data":{"label":"Inactive","count":4}}},
    {"sales":18,"revenue":6020,"date":"12/28/2023","user_activity":{"data":{"label":"Blocked","count":8}}},
    {"sales":13,"revenue":3423,"date":"12/1/2021","user_activity":{"data":{"label":"Active","count":3}}},
    {"sales":40,"revenue":3562,"date":"4/16/2022","user_activity":{"data":{"label":"Inactive","count":9}}},
    {"sales":26,"revenue":4319,"date":"1/27/2023","user_activity":{"data":{"label":"Active","count":8}}},
    {"sales":92,"revenue":4293,"date":"6/10/2021","user_activity":{"data":{"label":"Pending","count":2}}},
    {"sales":26,"revenue":4162,"date":"12/18/2022","user_activity":{"data":{"label":"Inactive","count":9}}},
    {"sales":20,"revenue":887,"date":"3/7/2022","user_activity":{"data":{"label":"Active","count":4}}},
    {"sales":88,"revenue":5755,"date":"1/6/2024","user_activity":{"data":{"label":"Blocked","count":10}}},
    {"sales":61,"revenue":7059,"date":"10/6/2021","user_activity":{"data":{"label":"Active","count":7}}},
    {"sales":0,"revenue":1216,"date":"5/12/2021","user_activity":{"data":{"label":"Pending","count":4}}},
    {"sales":8,"revenue":8659,"date":"4/1/2022","user_activity":{"data":{"label":"Active","count":9}}},
    {"sales":7,"revenue":1661,"date":"2/26/2022","user_activity":{"data":{"label":"Blocked","count":8}}},
    {"sales":71,"revenue":7585,"date":"5/3/2023","user_activity":{"data":{"label":"Blocked","count":1}}},
    {"sales":40,"revenue":2260,"date":"9/20/2022","user_activity":{"data":{"label":"Pending","count":10}}},
    {"sales":58,"revenue":8433,"date":"12/4/2023","user_activity":{"data":{"label":"Inactive","count":7}}},
    {"sales":60,"revenue":2649,"date":"4/23/2021","user_activity":{"data":{"label":"Pending","count":9}}},
    {"sales":86,"revenue":2670,"date":"9/12/2021","user_activity":{"data":{"label":"Inactive","count":2}}},
    {"sales":32,"revenue":8082,"date":"7/12/2021","user_activity":{"data":{"label":"Inactive","count":7}}},
    {"sales":24,"revenue":759,"date":"4/21/2023","user_activity":{"data":{"label":"Active","count":2}}},
    {"sales":8,"revenue":5663,"date":"5/29/2022","user_activity":{"data":{"label":"Blocked","count":7}}},
    {"sales":25,"revenue":469,"date":"2/7/2024","user_activity":{"data":{"label":"Blocked","count":2}}},
    {"sales":89,"revenue":7921,"date":"12/25/2023","user_activity":{"data":{"label":"Active","count":5}}},
    {"sales":90,"revenue":4736,"date":"12/6/2022","user_activity":{"data":{"label":"Inactive","count":0}}},
    {"sales":65,"revenue":3349,"date":"10/14/2021","user_activity":{"data":{"label":"Blocked","count":7}}},
    {"sales":52,"revenue":623,"date":"9/22/2022","user_activity":{"data":{"label":"Inactive","count":4}}},
    {"sales":17,"revenue":3706,"date":"6/13/2021","user_activity":{"data":{"label":"Active","count":8}}},
    {"sales":94,"revenue":8731,"date":"7/24/2021","user_activity":{"data":{"label":"Blocked","count":5}}},
    {"sales":59,"revenue":6548,"date":"8/11/2021","user_activity":{"data":{"label":"Pending","count":1}}},
    {"sales":40,"revenue":4404,"date":"9/16/2022","user_activity":{"data":{"label":"Pending","count":1}}},
    {"sales":42,"revenue":6748,"date":"12/17/2022","user_activity":{"data":{"label":"Active","count":2}}},
    {"sales":50,"revenue":7183,"date":"12/12/2022","user_activity":{"data":{"label":"Pending","count":3}}},
    {"sales":31,"revenue":5883,"date":"12/16/2022","user_activity":{"data":{"label":"Inactive","count":2}}},
    {"sales":84,"revenue":5292,"date":"7/24/2021","user_activity":{"data":{"label":"Active","count":8}}},
    {"sales":91,"revenue":6674,"date":"5/17/2023","user_activity":{"data":{"label":"Active","count":10}}},
    {"sales":36,"revenue":7330,"date":"3/13/2022","user_activity":{"data":{"label":"Inactive","count":3}}},
    {"sales":59,"revenue":1214,"date":"3/27/2022","user_activity":{"data":{"label":"Active","count":1}}},
    {"sales":37,"revenue":7464,"date":"11/15/2022","user_activity":{"data":{"label":"Pending","count":4}}},
    {"sales":40,"revenue":8371,"date":"1/19/2024","user_activity":{"data":{"label":"Pending","count":1}}},
    {"sales":72,"revenue":1309,"date":"6/26/2021","user_activity":{"data":{"label":"Active","count":0}}},
    {"sales":85,"revenue":5031,"date":"8/13/2021","user_activity":{"data":{"label":"Inactive","count":7}}},
    {"sales":16,"revenue":4690,"date":"3/30/2022","user_activity":{"data":{"label":"Active","count":2}}},
    {"sales":15,"revenue":3380,"date":"12/3/2022","user_activity":{"data":{"label":"Inactive","count":0}}},
    {"sales":41,"revenue":4285,"date":"10/25/2023","user_activity":{"data":{"label":"Inactive","count":6}}},
    {"sales":63,"revenue":7656,"date":"2/10/2022","user_activity":{"data":{"label":"Pending","count":6}}},
    {"sales":19,"revenue":1916,"date":"9/16/2022","user_activity":{"data":{"label":"Inactive","count":1}}},
    {"sales":5,"revenue":1827,"date":"6/8/2021","user_activity":{"data":{"label":"Blocked","count":3}}},
    {"sales":59,"revenue":3789,"date":"5/7/2023","user_activity":{"data":{"label":"Inactive","count":3}}},
    {"sales":42,"revenue":6766,"date":"10/6/2021","user_activity":{"data":{"label":"Blocked","count":6}}},
    {"sales":2,"revenue":7664,"date":"2/22/2024","user_activity":{"data":{"label":"Active","count":1}}},
    {"sales":50,"revenue":3540,"date":"6/9/2022","user_activity":{"data":{"label":"Blocked","count":8}}},
    {"sales":57,"revenue":4885,"date":"11/9/2021","user_activity":{"data":{"label":"Inactive","count":3}}},
    {"sales":26,"revenue":1209,"date":"4/6/2022","user_activity":{"data":{"label":"Pending","count":7}}},
    {"sales":1,"revenue":845,"date":"10/10/2022","user_activity":{"data":{"label":"Inactive","count":1}}},
    {"sales":59,"revenue":5355,"date":"5/18/2023","user_activity":{"data":{"label":"Inactive","count":3}}},
    {"sales":49,"revenue":4522,"date":"7/21/2021","user_activity":{"data":{"label":"Inactive","count":10}}},
    {"sales":55,"revenue":2781,"date":"1/24/2023","user_activity":{"data":{"label":"Pending","count":0}}},
    {"sales":69,"revenue":252,"date":"3/23/2022","user_activity":{"data":{"label":"Pending","count":0}}},
    {"sales":28,"revenue":3674,"date":"12/31/2023","user_activity":{"data":{"label":"Active","count":4}}},
    {"sales":76,"revenue":9285,"date":"2/2/2022","user_activity":{"data":{"label":"Pending","count":3}}},
    {"sales":66,"revenue":9018,"date":"9/29/2022","user_activity":{"data":{"label":"Pending","count":2}}},
    {"sales":80,"revenue":8429,"date":"7/15/2022","user_activity":{"data":{"label":"Blocked","count":5}}},
    {"sales":26,"revenue":6284,"date":"9/22/2021","user_activity":{"data":{"label":"Active","count":2}}},
    {"sales":17,"revenue":5709,"date":"3/29/2023","user_activity":{"data":{"label":"Pending","count":1}}},
    {"sales":29,"revenue":4997,"date":"7/28/2022","user_activity":{"data":{"label":"Pending","count":1}}},
    {"sales":94,"revenue":206,"date":"9/17/2021","user_activity":{"data":{"label":"Active","count":10}}},
    {"sales":12,"revenue":9560,"date":"3/2/2024","user_activity":{"data":{"label":"Pending","count":4}}},
    {"sales":52,"revenue":4440,"date":"6/5/2023","user_activity":{"data":{"label":"Inactive","count":4}}},
    {"sales":20,"revenue":6620,"date":"5/28/2022","user_activity":{"data":{"label":"Inactive","count":2}}},
    {"sales":17,"revenue":9508,"date":"1/26/2023","user_activity":{"data":{"label":"Blocked","count":9}}},
    {"sales":65,"revenue":3091,"date":"7/26/2021","user_activity":{"data":{"label":"Inactive","count":6}}},
    {"sales":53,"revenue":7314,"date":"10/2/2021","user_activity":{"data":{"label":"Pending","count":0}}},
    {"sales":28,"revenue":6325,"date":"9/1/2021","user_activity":{"data":{"label":"Pending","count":9}}},
    {"sales":6,"revenue":8800,"date":"6/17/2021","user_activity":{"data":{"label":"Active","count":9}}},
    {"sales":97,"revenue":3985,"date":"10/28/2023","user_activity":{"data":{"label":"Active","count":6}}},
    {"sales":9,"revenue":9239,"date":"6/3/2021","user_activity":{"data":{"label":"Active","count":6}}},
    {"sales":100,"revenue":7923,"date":"1/27/2022","user_activity":{"data":{"label":"Inactive","count":6}}},
    {"sales":11,"revenue":3912,"date":"10/9/2021","user_activity":{"data":{"label":"Active","count":1}}},
    {"sales":98,"revenue":4362,"date":"4/6/2022","user_activity":{"data":{"label":"Blocked","count":5}}},
    {"sales":35,"revenue":6083,"date":"5/14/2022","user_activity":{"data":{"label":"Inactive","count":8}}},
    {"sales":53,"revenue":8442,"date":"1/8/2023","user_activity":{"data":{"label":"Active","count":2}}},
    {"sales":59,"revenue":261,"date":"2/10/2024","user_activity":{"data":{"label":"Inactive","count":5}}},
    {"sales":32,"revenue":6550,"date":"12/17/2021","user_activity":{"data":{"label":"Blocked","count":1}}},
    {"sales":96,"revenue":6861,"date":"8/3/2022","user_activity":{"data":{"label":"Pending","count":7}}},
    {"sales":74,"revenue":7212,"date":"9/3/2022","user_activity":{"data":{"label":"Blocked","count":8}}},
    {"sales":8,"revenue":9583,"date":"2/8/2023","user_activity":{"data":{"label":"Blocked","count":9}}},
    {"sales":86,"revenue":1607,"date":"4/14/2022","user_activity":{"data":{"label":"Inactive","count":3}}},
    {"sales":87,"revenue":9109,"date":"1/2/2022","user_activity":{"data":{"label":"Blocked","count":8}}},
    {"sales":32,"revenue":6954,"date":"10/4/2021","user_activity":{"data":{"label":"Pending","count":7}}},
    {"sales":2,"revenue":5028,"date":"10/9/2023","user_activity":{"data":{"label":"Pending","count":5}}},
    {"sales":19,"revenue":8885,"date":"12/9/2022","user_activity":{"data":{"label":"Pending","count":9}}},
    {"sales":57,"revenue":6793,"date":"1/20/2022","user_activity":{"data":{"label":"Blocked","count":9}}},
    {"sales":37,"revenue":5067,"date":"10/15/2022","user_activity":{"data":{"label":"Blocked","count":4}}},
    {"sales":97,"revenue":698,"date":"9/18/2023","user_activity":{"data":{"label":"Blocked","count":1}}},
    {"sales":17,"revenue":9516,"date":"5/26/2021","user_activity":{"data":{"label":"Blocked","count":0}}},
    {"sales":78,"revenue":5392,"date":"1/28/2022","user_activity":{"data":{"label":"Blocked","count":1}}},
    {"sales":14,"revenue":9106,"date":"2/6/2022","user_activity":{"data":{"label":"Blocked","count":9}}},
    {"sales":36,"revenue":5,"date":"6/12/2022","user_activity":{"data":{"label":"Blocked","count":0}}},
    {"sales":10,"revenue":3758,"date":"3/6/2021","user_activity":{"data":{"label":"Active","count":8}}},
    {"sales":87,"revenue":6138,"date":"12/25/2022","user_activity":{"data":{"label":"Blocked","count":10}}},
    {"sales":98,"revenue":8763,"date":"5/7/2022","user_activity":{"data":{"label":"Inactive","count":0}}},
    {"sales":83,"revenue":9442,"date":"1/8/2024","user_activity":{"data":{"label":"Active","count":8}}},
    {"sales":83,"revenue":5305,"date":"4/7/2021","user_activity":{"data":{"label":"Active","count":7}}},
    {"sales":41,"revenue":8358,"date":"3/30/2022","user_activity":{"data":{"label":"Inactive","count":8}}},
    {"sales":8,"revenue":3553,"date":"11/4/2021","user_activity":{"data":{"label":"Pending","count":5}}},
    {"sales":66,"revenue":8640,"date":"7/16/2021","user_activity":{"data":{"label":"Active","count":7}}},
    {"sales":21,"revenue":8940,"date":"10/16/2021","user_activity":{"data":{"label":"Pending","count":7}}},
    {"sales":48,"revenue":2945,"date":"10/12/2021","user_activity":{"data":{"label":"Inactive","count":6}}},
    {"sales":95,"revenue":167,"date":"3/18/2023","user_activity":{"data":{"label":"Inactive","count":4}}},
    {"sales":74,"revenue":4317,"date":"9/21/2023","user_activity":{"data":{"label":"Inactive","count":6}}},
    {"sales":9,"revenue":361,"date":"8/29/2023","user_activity":{"data":{"label":"Inactive","count":3}}},
    {"sales":88,"revenue":3405,"date":"8/4/2021","user_activity":{"data":{"label":"Pending","count":4}}},
    {"sales":47,"revenue":9377,"date":"1/15/2024","user_activity":{"data":{"label":"Inactive","count":1}}},
    {"sales":87,"revenue":5188,"date":"5/12/2021","user_activity":{"data":{"label":"Active","count":7}}},
    {"sales":39,"revenue":2947,"date":"12/25/2021","user_activity":{"data":{"label":"Pending","count":8}}},
    {"sales":77,"revenue":5282,"date":"6/3/2023","user_activity":{"data":{"label":"Active","count":9}}},
    {"sales":39,"revenue":9420,"date":"1/6/2022","user_activity":{"data":{"label":"Inactive","count":10}}},
    {"sales":46,"revenue":1531,"date":"8/17/2022","user_activity":{"data":{"label":"Pending","count":4}}},
    {"sales":25,"revenue":4654,"date":"6/29/2022","user_activity":{"data":{"label":"Active","count":10}}},
    {"sales":35,"revenue":9522,"date":"5/23/2022","user_activity":{"data":{"label":"Inactive","count":1}}},
    {"sales":56,"revenue":3831,"date":"11/17/2021","user_activity":{"data":{"label":"Pending","count":9}}},
    {"sales":56,"revenue":3477,"date":"10/14/2021","user_activity":{"data":{"label":"Inactive","count":0}}},
    {"sales":23,"revenue":9490,"date":"1/8/2023","user_activity":{"data":{"label":"Inactive","count":3}}},
    {"sales":78,"revenue":3684,"date":"10/20/2022","user_activity":{"data":{"label":"Active","count":1}}},
    {"sales":21,"revenue":9240,"date":"12/8/2021","user_activity":{"data":{"label":"Active","count":9}}},
    {"sales":67,"revenue":4209,"date":"4/21/2023","user_activity":{"data":{"label":"Blocked","count":4}}},
    {"sales":72,"revenue":3914,"date":"11/9/2021","user_activity":{"data":{"label":"Inactive","count":1}}},
    {"sales":4,"revenue":9533,"date":"2/25/2023","user_activity":{"data":{"label":"Active","count":8}}},
    {"sales":31,"revenue":3512,"date":"5/14/2022","user_activity":{"data":{"label":"Pending","count":5}}},
    {"sales":14,"revenue":2429,"date":"5/1/2022","user_activity":{"data":{"label":"Active","count":8}}},
    {"sales":86,"revenue":3992,"date":"7/31/2023","user_activity":{"data":{"label":"Inactive","count":0}}},
    {"sales":98,"revenue":6617,"date":"2/7/2022","user_activity":{"data":{"label":"Active","count":3}}},
    {"sales":15,"revenue":7006,"date":"11/22/2021","user_activity":{"data":{"label":"Pending","count":0}}},
    {"sales":60,"revenue":1672,"date":"8/21/2023","user_activity":{"data":{"label":"Pending","count":3}}},
    {"sales":3,"revenue":8717,"date":"11/26/2021","user_activity":{"data":{"label":"Inactive","count":9}}},
    {"sales":12,"revenue":6019,"date":"1/15/2024","user_activity":{"data":{"label":"Inactive","count":0}}},
    {"sales":95,"revenue":1799,"date":"2/9/2023","user_activity":{"data":{"label":"Blocked","count":2}}},
    {"sales":86,"revenue":4349,"date":"2/18/2023","user_activity":{"data":{"label":"Active","count":9}}},
    {"sales":20,"revenue":8851,"date":"4/4/2022","user_activity":{"data":{"label":"Pending","count":8}}},
    {"sales":30,"revenue":597,"date":"6/9/2021","user_activity":{"data":{"label":"Pending","count":5}}},
    {"sales":61,"revenue":196,"date":"2/8/2023","user_activity":{"data":{"label":"Pending","count":3}}},
    {"sales":90,"revenue":4219,"date":"1/20/2024","user_activity":{"data":{"label":"Inactive","count":5}}},
    {"sales":58,"revenue":4990,"date":"9/9/2023","user_activity":{"data":{"label":"Inactive","count":7}}},
    {"sales":68,"revenue":7866,"date":"9/19/2021","user_activity":{"data":{"label":"Pending","count":1}}},
    {"sales":92,"revenue":3279,"date":"2/13/2023","user_activity":{"data":{"label":"Blocked","count":0}}},
    {"sales":52,"revenue":7163,"date":"12/9/2021","user_activity":{"data":{"label":"Inactive","count":3}}},
    {"sales":6,"revenue":9076,"date":"8/14/2023","user_activity":{"data":{"label":"Pending","count":8}}},
    {"sales":3,"revenue":8338,"date":"10/26/2023","user_activity":{"data":{"label":"Pending","count":5}}},
    {"sales":15,"revenue":7621,"date":"9/3/2022","user_activity":{"data":{"label":"Blocked","count":2}}},
    {"sales":94,"revenue":7857,"date":"1/21/2022","user_activity":{"data":{"label":"Inactive","count":3}}},
    {"sales":25,"revenue":743,"date":"12/27/2023","user_activity":{"data":{"label":"Blocked","count":3}}},
    {"sales":71,"revenue":5088,"date":"7/27/2023","user_activity":{"data":{"label":"Inactive","count":6}}},
    {"sales":99,"revenue":1435,"date":"9/13/2021","user_activity":{"data":{"label":"Active","count":4}}},
    {"sales":5,"revenue":6785,"date":"3/13/2021","user_activity":{"data":{"label":"Inactive","count":4}}},
    {"sales":12,"revenue":2560,"date":"8/20/2021","user_activity":{"data":{"label":"Inactive","count":8}}},
    {"sales":44,"revenue":5338,"date":"6/8/2022","user_activity":{"data":{"label":"Active","count":9}}},
    {"sales":68,"revenue":3725,"date":"3/21/2022","user_activity":{"data":{"label":"Inactive","count":1}}},
    {"sales":48,"revenue":2401,"date":"3/1/2023","user_activity":{"data":{"label":"Blocked","count":3}}},
    {"sales":70,"revenue":1129,"date":"6/16/2021","user_activity":{"data":{"label":"Blocked","count":9}}},
    {"sales":15,"revenue":269,"date":"2/25/2024","user_activity":{"data":{"label":"Blocked","count":4}}},
    {"sales":87,"revenue":5759,"date":"2/24/2022","user_activity":{"data":{"label":"Pending","count":8}}},
    {"sales":31,"revenue":5748,"date":"10/29/2022","user_activity":{"data":{"label":"Inactive","count":9}}},
    {"sales":95,"revenue":4437,"date":"12/15/2023","user_activity":{"data":{"label":"Pending","count":6}}},
    {"sales":4,"revenue":349,"date":"5/18/2022","user_activity":{"data":{"label":"Blocked","count":5}}},
    {"sales":40,"revenue":3589,"date":"3/30/2023","user_activity":{"data":{"label":"Blocked","count":2}}},
    {"sales":81,"revenue":6433,"date":"2/8/2022","user_activity":{"data":{"label":"Active","count":3}}},
    {"sales":57,"revenue":3393,"date":"1/7/2022","user_activity":{"data":{"label":"Blocked","count":2}}},
    {"sales":73,"revenue":8595,"date":"10/6/2022","user_activity":{"data":{"label":"Blocked","count":9}}},
    {"sales":28,"revenue":9245,"date":"12/12/2023","user_activity":{"data":{"label":"Pending","count":10}}},
    {"sales":85,"revenue":4475,"date":"9/2/2023","user_activity":{"data":{"label":"Blocked","count":10}}},
    {"sales":70,"revenue":1735,"date":"4/25/2023","user_activity":{"data":{"label":"Inactive","count":7}}},
    {"sales":74,"revenue":7026,"date":"8/14/2023","user_activity":{"data":{"label":"Pending","count":7}}},
    {"sales":75,"revenue":5356,"date":"7/2/2021","user_activity":{"data":{"label":"Active","count":3}}},
    {"sales":78,"revenue":1573,"date":"2/24/2023","user_activity":{"data":{"label":"Blocked","count":4}}},
    {"sales":0,"revenue":8206,"date":"10/31/2022","user_activity":{"data":{"label":"Inactive","count":4}}},
    {"sales":59,"revenue":2748,"date":"2/28/2024","user_activity":{"data":{"label":"Blocked","count":10}}},
    {"sales":76,"revenue":1070,"date":"10/23/2023","user_activity":{"data":{"label":"Inactive","count":9}}},
    {"sales":4,"revenue":2536,"date":"4/16/2023","user_activity":{"data":{"label":"Active","count":6}}},
    {"sales":31,"revenue":7969,"date":"10/1/2022","user_activity":{"data":{"label":"Pending","count":5}}},
    {"sales":75,"revenue":3235,"date":"12/18/2023","user_activity":{"data":{"label":"Pending","count":5}}},
    {"sales":6,"revenue":1209,"date":"4/26/2023","user_activity":{"data":{"label":"Active","count":7}}},
    {"sales":67,"revenue":8293,"date":"5/13/2022","user_activity":{"data":{"label":"Blocked","count":6}}},
    {"sales":66,"revenue":7026,"date":"9/18/2023","user_activity":{"data":{"label":"Pending","count":2}}},
    {"sales":67,"revenue":8905,"date":"2/27/2023","user_activity":{"data":{"label":"Inactive","count":5}}},
    {"sales":49,"revenue":3978,"date":"11/23/2022","user_activity":{"data":{"label":"Inactive","count":10}}},
    {"sales":48,"revenue":1446,"date":"3/2/2021","user_activity":{"data":{"label":"Inactive","count":6}}},
    {"sales":51,"revenue":8098,"date":"5/23/2023","user_activity":{"data":{"label":"Inactive","count":2}}},
    {"sales":61,"revenue":3836,"date":"7/9/2021","user_activity":{"data":{"label":"Inactive","count":5}}},
    {"sales":12,"revenue":2060,"date":"8/6/2022","user_activity":{"data":{"label":"Blocked","count":6}}},
    {"sales":62,"revenue":970,"date":"3/20/2021","user_activity":{"data":{"label":"Active","count":7}}},
    {"sales":67,"revenue":215,"date":"11/28/2023","user_activity":{"data":{"label":"Blocked","count":2}}},
    {"sales":54,"revenue":1656,"date":"3/30/2022","user_activity":{"data":{"label":"Active","count":4}}},
    {"sales":74,"revenue":910,"date":"4/18/2021","user_activity":{"data":{"label":"Pending","count":8}}},
    {"sales":21,"revenue":8911,"date":"2/27/2024","user_activity":{"data":{"label":"Active","count":0}}},
    {"sales":78,"revenue":6214,"date":"11/6/2023","user_activity":{"data":{"label":"Inactive","count":3}}},
    {"sales":95,"revenue":3234,"date":"12/19/2022","user_activity":{"data":{"label":"Pending","count":10}}},
    {"sales":97,"revenue":8609,"date":"1/18/2024","user_activity":{"data":{"label":"Pending","count":8}}},
    {"sales":10,"revenue":2149,"date":"10/15/2022","user_activity":{"data":{"label":"Inactive","count":8}}},
    {"sales":24,"revenue":147,"date":"8/20/2023","user_activity":{"data":{"label":"Active","count":7}}},
    {"sales":59,"revenue":1499,"date":"1/17/2023","user_activity":{"data":{"label":"Blocked","count":6}}},
    {"sales":2,"revenue":487,"date":"1/16/2024","user_activity":{"data":{"label":"Active","count":2}}},
    {"sales":32,"revenue":6936,"date":"3/9/2022","user_activity":{"data":{"label":"Pending","count":6}}},
    {"sales":98,"revenue":3850,"date":"7/29/2021","user_activity":{"data":{"label":"Blocked","count":2}}},
    {"sales":37,"revenue":1092,"date":"5/31/2021","user_activity":{"data":{"label":"Blocked","count":10}}},
    {"sales":17,"revenue":2541,"date":"6/14/2023","user_activity":{"data":{"label":"Inactive","count":10}}},
    {"sales":56,"revenue":8929,"date":"12/31/2022","user_activity":{"data":{"label":"Inactive","count":6}}},
    {"sales":17,"revenue":72,"date":"8/27/2022","user_activity":{"data":{"label":"Active","count":7}}},
    {"sales":33,"revenue":9547,"date":"6/1/2021","user_activity":{"data":{"label":"Active","count":5}}},
    {"sales":3,"revenue":3202,"date":"1/21/2024","user_activity":{"data":{"label":"Active","count":0}}},
    {"sales":5,"revenue":6433,"date":"10/19/2022","user_activity":{"data":{"label":"Pending","count":2}}},
    {"sales":51,"revenue":3690,"date":"6/11/2023","user_activity":{"data":{"label":"Blocked","count":7}}},
    {"sales":57,"revenue":5432,"date":"9/12/2022","user_activity":{"data":{"label":"Pending","count":8}}},
    {"sales":48,"revenue":2124,"date":"5/14/2022","user_activity":{"data":{"label":"Inactive","count":1}}},
    {"sales":82,"revenue":3733,"date":"11/6/2022","user_activity":{"data":{"label":"Active","count":3}}},
    {"sales":92,"revenue":6510,"date":"6/27/2022","user_activity":{"data":{"label":"Active","count":7}}},
    {"sales":24,"revenue":7698,"date":"12/11/2021","user_activity":{"data":{"label":"Inactive","count":1}}},
    {"sales":34,"revenue":1412,"date":"6/20/2022","user_activity":{"data":{"label":"Active","count":9}}},
    {"sales":51,"revenue":7556,"date":"6/16/2023","user_activity":{"data":{"label":"Active","count":2}}},
    {"sales":82,"revenue":9341,"date":"6/3/2023","user_activity":{"data":{"label":"Blocked","count":5}}},
    {"sales":77,"revenue":3645,"date":"1/4/2024","user_activity":{"data":{"label":"Active","count":9}}},
    {"sales":0,"revenue":8612,"date":"10/11/2023","user_activity":{"data":{"label":"Active","count":5}}},
    {"sales":64,"revenue":7159,"date":"5/18/2022","user_activity":{"data":{"label":"Blocked","count":10}}},
    {"sales":60,"revenue":6050,"date":"4/10/2022","user_activity":{"data":{"label":"Inactive","count":4}}},
    {"sales":53,"revenue":7389,"date":"9/3/2022","user_activity":{"data":{"label":"Inactive","count":1}}},
    {"sales":90,"revenue":291,"date":"2/3/2024","user_activity":{"data":{"label":"Active","count":4}}},
    {"sales":6,"revenue":8135,"date":"2/2/2022","user_activity":{"data":{"label":"Blocked","count":6}}},
    {"sales":80,"revenue":1601,"date":"12/6/2022","user_activity":{"data":{"label":"Active","count":10}}},
    {"sales":18,"revenue":5378,"date":"1/10/2024","user_activity":{"data":{"label":"Pending","count":3}}},
    {"sales":5,"revenue":694,"date":"3/1/2023","user_activity":{"data":{"label":"Blocked","count":9}}},
    {"sales":54,"revenue":8382,"date":"8/25/2022","user_activity":{"data":{"label":"Inactive","count":7}}},
    {"sales":11,"revenue":1637,"date":"2/18/2024","user_activity":{"data":{"label":"Pending","count":4}}},
    {"sales":78,"revenue":9763,"date":"5/23/2022","user_activity":{"data":{"label":"Inactive","count":9}}},
    {"sales":30,"revenue":9328,"date":"5/19/2023","user_activity":{"data":{"label":"Active","count":10}}},
    {"sales":97,"revenue":4534,"date":"7/19/2021","user_activity":{"data":{"label":"Blocked","count":4}}},
    {"sales":87,"revenue":7487,"date":"11/24/2021","user_activity":{"data":{"label":"Pending","count":7}}}]
}

